<?xml version="1.0" encoding="UTF-8"?><collection xmlns="http://www.loc.gov/MARC21/slim"><record><leader>00411nam--2200121-i-4500</leader><controlfield tag="001">000016263</controlfield><controlfield tag="002">20161230</controlfield><controlfield tag="005">20161230201031</controlfield><controlfield tag="008">060222s1000------------r-----000-0-eng-d</controlfield><datafield ind1=" " ind2=" " tag="100"><subfield code="a">Liebaert,Robert</subfield></datafield><datafield ind1=" " ind2=" " tag="245"><subfield code="a">Etude des associations intermoleculaires polarisation atatique et du spectre hertzien de ses solutions diluees dans des solvants non polaires.theses</subfield></datafield><datafield ind1=" " ind2=" " tag="260"><subfield code="a">Lille,Univerite,1962. 103p</subfield></datafield><datafield ind1=" " ind2=" " tag="852"><subfield code="a">77963</subfield></datafield></record></collection>